[gd_scene load_steps=8 format=2]

[ext_resource path="res://scenes/level1/level1_decor/carte.tscn" type="PackedScene" id=1]

[sub_resource type="OccluderPolygon2D" id=1]

closed = true
cull_mode = 0
polygon = PoolVector2Array( -184.465, 199.467, -507.37, -483.406, 710.221, -927.888, 807.563, -168.772 )

[sub_resource type="OccluderPolygon2D" id=2]

closed = true
cull_mode = 0
polygon = PoolVector2Array( -431.964, -140.639, -522.99, -924.639, 636.86, -845.358, 639.797, 390.837, -53.1776, 302.747 )

[sub_resource type="OccluderPolygon2D" id=3]

closed = true
cull_mode = 0
polygon = PoolVector2Array( -443.844, 159.121, -451.153, 156.193, -78.4966, -341.667, 612.163, -246.887, 189.227, 692.732 )

[sub_resource type="OccluderPolygon2D" id=4]

closed = true
cull_mode = 0
polygon = PoolVector2Array( -217.419, -368.19, 419.548, 177.822, 334.394, 374.556, -470.446, -24.6301 )

[sub_resource type="OccluderPolygon2D" id=5]

closed = true
cull_mode = 0
polygon = PoolVector2Array( -73.0197, -12.7396, 26.0244, -85.4751, 98.7599, 7.37875, -1.05798, 82.4356 )

[sub_resource type="OccluderPolygon2D" id=6]

closed = true
cull_mode = 0
polygon = PoolVector2Array( -1191.85, -1366.92, -481.716, -415.038, -991.115, -24.355, -1876.09, -930.912 )

[node name="carteMurs" type="Node2D" index="0"]

[node name="carte" parent="." index="0" instance=ExtResource( 1 )]

position = Vector2( 9.55371, 0 )

[node name="murs" type="Node2D" parent="." index="1"]

[node name="mur" type="StaticBody2D" parent="murs" index="0"]

position = Vector2( -633.824, -535.943 )
input_pickable = false
collision_layer = 1
collision_mask = 1
constant_linear_velocity = Vector2( 0, 0 )
constant_angular_velocity = 0.0
friction = 1.0
bounce = 0.0

[node name="CollisionPolygon2D" type="CollisionPolygon2D" parent="murs/mur" index="0"]

build_mode = 0
polygon = PoolVector2Array( -186.213, 201.138, 807.385, -168.99, 710.48, -928.512, -508.461, -482.572 )

[node name="LightOccluder2D" type="LightOccluder2D" parent="murs/mur" index="1"]

occluder = SubResource( 1 )
light_mask = 1

[node name="mur2" type="StaticBody2D" parent="murs" index="1"]

position = Vector2( 706.265, -556.143 )
input_pickable = false
collision_layer = 1
collision_mask = 1
constant_linear_velocity = Vector2( 0, 0 )
constant_angular_velocity = 0.0
friction = 1.0
bounce = 0.0

[node name="CollisionPolygon2D" type="CollisionPolygon2D" parent="murs/mur2" index="0"]

position = Vector2( 0, -2.93622 )
build_mode = 0
polygon = PoolVector2Array( -430.863, -139.564, -527.369, -926.277, 642.368, -844.999, 636.263, 394.407, -63.3152, 301.759 )

[node name="LightOccluder2D" type="LightOccluder2D" parent="murs/mur2" index="1"]

occluder = SubResource( 2 )
light_mask = 1

[node name="mur3" type="StaticBody2D" parent="murs" index="2"]

position = Vector2( 706.265, -556.143 )
input_pickable = false
collision_layer = 1
collision_mask = 1
constant_linear_velocity = Vector2( 0, 0 )
constant_angular_velocity = 0.0
friction = 1.0
bounce = 0.0

[node name="CollisionPolygon2D" type="CollisionPolygon2D" parent="murs/mur3" index="0"]

position = Vector2( -71.9011, 1114.47 )
build_mode = 0
polygon = PoolVector2Array( -220.92, -440.737, -5.1347, -731.787, 687.566, -641.062, 263.751, 302.855, -372.506, -231.855 )

[node name="LightOccluder2D" type="LightOccluder2D" parent="murs/mur3" index="1"]

position = Vector2( 7.98901, 727.001 )
occluder = SubResource( 3 )
light_mask = 1

[node name="mur4" type="StaticBody2D" parent="murs" index="3"]

position = Vector2( 341.591, 1143.94 )
input_pickable = false
collision_layer = 1
collision_mask = 1
constant_linear_velocity = Vector2( 0, 0 )
constant_angular_velocity = 0.0
friction = 1.0
bounce = 0.0

[node name="CollisionPolygon2D" type="CollisionPolygon2D" parent="murs/mur4" index="0"]

build_mode = 0
polygon = PoolVector2Array( 450.339, -43.162, 544.255, -243.881, -101.62, -787.946, -355.987, -446.276 )

[node name="LightOccluder2D2" type="LightOccluder2D" parent="murs/mur4" index="1"]

position = Vector2( 115.361, -421.79 )
occluder = SubResource( 4 )
light_mask = 1

[node name="mur5" type="StaticBody2D" parent="murs" index="4"]

position = Vector2( 341.591, 1143.94 )
input_pickable = false
collision_layer = 1
collision_mask = 1
constant_linear_velocity = Vector2( 0, 0 )
constant_angular_velocity = 0.0
friction = 1.0
bounce = 0.0

[node name="CollisionPolygon2D" type="CollisionPolygon2D" parent="murs/mur5" index="0"]

position = Vector2( -593.139, -604.884 )
build_mode = 0
polygon = PoolVector2Array( -1.10883, -390.433, 100.128, -466.16, 28.5493, -558.792, -73.5562, -487.212 )

[node name="LightOccluder2D" type="LightOccluder2D" parent="murs/mur5" index="1"]

position = Vector2( -590.203, -1077.63 )
occluder = SubResource( 5 )
light_mask = 1

[node name="mur6" type="StaticBody2D" parent="murs" index="5"]

position = Vector2( 341.591, 1143.94 )
input_pickable = false
collision_layer = 1
collision_mask = 1
constant_linear_velocity = Vector2( 0, 0 )
constant_angular_velocity = 0.0
friction = 1.0
bounce = 0.0

[node name="CollisionPolygon2D" type="CollisionPolygon2D" parent="murs/mur6" index="0"]

build_mode = 0
polygon = PoolVector2Array( -1194.08, -1372.88, -487.678, -420.908, -990.144, -27.941, -1883.25, -931.598 )

[node name="LightOccluder2D" type="LightOccluder2D" parent="murs/mur6" index="1"]

occluder = SubResource( 6 )
light_mask = 1


